@article{krischer2016asdf,
  title={An Adaptable Seismic Data Format},
  author={Krischer, Lion and Smith, James A and Lei, Wenjie and Lefebvre, Matthieu and Ruan, Youyi and de Andrade, Elliott Sales and Podhorszki, Norbert and Bozdag, Ebru and Tromp, Jeroen},
  journal={Geophysical Journal International},
  volume={207},
  number={2},
  pages={1003--1011},
  year={2016}
}

@article{w3cprov2013,
  title={PROV-DM: The PROV Data Model},
  author={Moreau, Luc and Missier, Paolo and Belhajjame, Khalid and B'Far, Reza and Cheney, James and Coppens, Sam and Cresswell, Stephen and Gil, Yolanda and Groth, Paul and others},
  journal={W3C Recommendation},
  volume={30},
  year={2013},
  publisher={W3C}
}

@manual{stationxml,
    title = {StationXML Manual},
    organization = {Federation of Digital Seismographic Networks (FDSN)},
    author = {{FDSN}},
    year = {2016},
    url = {http://www.fdsn.org/xml/station/},
    note = {Version 1.1}
}

@manual{quakeml,
    title = {QuakeML: An XML Schema for Seismology},
    author = {Euchner, F. and Heinloo, A. and K{\"a}stli, P. and Saul, J. and Weber, B.},
    organization = {International Federation of Digital Seismograph Networks},
    year = {2011},
    url = {https://quake.ethz.ch/quakeml/},
    note = {Version 1.2}
}
